
@electronic{en.wikipedia.org,
   title       = {Statistics - Wikipedia, the free encyclopedia}, 
   url         = {http://en.wikipedia.org/wiki/Special:Statistics},
   biburl      = {http://www.bibsonomy.org/url/8658866ea7750c31dbd7943025e73d6e/davkal},
   keywords    = {expose statistics wikipedia},
   added-at    = {2011-02-24T15:28:29.000+0100},
   description = {},
   interhash   = {8658866ea7750c31dbd7943025e73d6e}, 
   intrahash   = {8658866ea7750c31dbd7943025e73d6e}
}
