%% This BibTeX bibliography file was created using BibDesk.
%% http://bibdesk.sourceforge.net/


%% Created for David Kaltschmidt at 2011-03-18 18:41:21 +0100 


%% Saved with string encoding Unicode (UTF-8) 



@book{chadwick2009routledge,
	Author = {Chadwick, A.},
	Date-Added = {2011-03-18 18:39:31 +0100},
	Date-Modified = {2011-03-18 18:39:31 +0100},
	Isbn = {0203962540},
	Publisher = {Taylor \& Francis},
	Title = {Routledge handbook of Internet politics},
	Year = {2009}}

@electronic{econ18290470,
	Author = {The Economist},
	Date-Added = {2011-03-18 16:45:59 +0100},
	Date-Modified = {2011-03-18 16:47:19 +0100},
	Title = {Libya: A civil war beckons},
	Url = {http://www.economist.com/node/18290470},
	Urldate = {2011-03-18 16:45:59}}

@article{garrett2011internet,
	Author = {Garrett, R.K. and Danziger, J.N.},
	Date-Added = {2011-03-14 15:58:53 +0100},
	Date-Modified = {2011-03-14 16:02:00 +0100},
	Issn = {0001-0782},
	Journal = {Communications of the ACM},
	Keywords = {motivation},
	Number = {3},
	Pages = {117--123},
	Publisher = {ACM},
	Title = {The Internet electorate},
	Volume = {54},
	Year = {2011},
	Bdsk-File-1 = {YnBsaXN0MDDUAQIDBAUIJidUJHRvcFgkb2JqZWN0c1gkdmVyc2lvblkkYXJjaGl2ZXLRBgdUcm9vdIABqAkKFRYXGyIjVSRudWxs0wsMDQ4RFFpOUy5vYmplY3RzV05TLmtleXNWJGNsYXNzog8QgASABqISE4ACgAOAB1lhbGlhc0RhdGFccmVsYXRpdmVQYXRo0hgNGRpXTlMuZGF0YU8RAuAAAAAAAuAAAgAABWRhdmlkAAAAAAAAAAAAAAAAAAAAAAAAAAAAAMlIwylIKwAFAAnD3xBwMTE3LWdhcnJldHQucGRmAAAAAAAAAAAAAAAAAAAAAAAAAAAAAAAAAAAAAAAAAAAAAAAAAAAAAAAAAAAAAAAACqLdyaPyfFBERiBDQVJPAAEAAgAADQIAAAAAAAAAAAAAAAAAAAAGUGFwZXJzABAACAAAyUi1GQAAABEACAAAyaPkbAAAAAEADAAJw98ABLGaAAAPjQACADRkYXZpZDpEb2N1bWVudHM6RGlwbG9tYXJiZWl0OlBhcGVyczpwMTE3LWdhcnJldHQucGRmAA4AIgAQAHAAMQAxADcALQBnAGEAcgByAGUAdAB0AC4AcABkAGYADwAMAAUAZABhAHYAaQBkABIALy9Eb2N1bWVudHMvRGlwbG9tYXJiZWl0L1BhcGVycy9wMTE3LWdhcnJldHQucGRmAAATAAwvVXNlcnMvZGF2aWQAFAFYAAAAAAFYAAIAAQZLZW5vYmkAAAAAAAAAAAAAAAAAAAAAAAAAAADIw0XXSCsAAAA/eIMSZGF2aWQuc3BhcnNlYnVuZGxlAAAAAAAAAAAAAAAAAAAAAAAAAAAAAAAAAAAAAAAAAAAAAAAAAAAAAAAAAAAAAD9X+clIwykAAAAAAAAAAP////8AAAkgAAAAAAAAAAAAAAAAAAAABi5kYXZpZAAQAAgAAMjDKbcAAAARAAgAAMlItRkAAAABAAgAP3iDAACWQgACACZLZW5vYmk6VXNlcnM6LmRhdmlkOmRhdmlkLnNwYXJzZWJ1bmRsZQAOACYAEgBkAGEAdgBpAGQALgBzAHAAYQByAHMAZQBiAHUAbgBkAGwAZQAPAA4ABgBLAGUAbgBvAGIAaQASAB9Vc2Vycy8uZGF2aWQvZGF2aWQuc3BhcnNlYnVuZGxlAAATAAEvAP//AAAAFQACAAz//wAAgAXSHB0eH1gkY2xhc3Nlc1okY2xhc3NuYW1lox8gIV1OU011dGFibGVEYXRhVk5TRGF0YVhOU09iamVjdF8QGi4uL1BhcGVycy9wMTE3LWdhcnJldHQucGRm0hwdJCWiJSFcTlNEaWN0aW9uYXJ5EgABhqBfEA9OU0tleWVkQXJjaGl2ZXIACAARABYAHwAoADIANQA6ADwARQBLAFIAXQBlAGwAbwBxAHMAdgB4AHoAfACGAJMAmACgA4QDhgOLA5QDnwOjA7EDuAPBA94D4wPmA/MD+AAAAAAAAAIBAAAAAAAAACgAAAAAAAAAAAAAAAAAAAQK}}

@conference{adler2007content,
	Author = {Adler, B.T. and De Alfaro, L.},
	Booktitle = {Proceedings of the 16th international conference on World Wide Web},
	Date-Added = {2011-03-03 18:14:03 +0100},
	Date-Modified = {2011-03-03 18:14:03 +0100},
	Organization = {ACM},
	Pages = {261--270},
	Title = {A content-driven reputation system for the Wikipedia},
	Year = {2007},
	Bdsk-File-1 = {YnBsaXN0MDDUAQIDBAUIJidUJHRvcFgkb2JqZWN0c1gkdmVyc2lvblkkYXJjaGl2ZXLRBgdUcm9vdIABqAkKFRYXGyIjVSRudWxs0wsMDQ4RFFpOUy5vYmplY3RzV05TLmtleXNWJGNsYXNzog8QgASABqISE4ACgAOAB1lhbGlhc0RhdGFccmVsYXRpdmVQYXRo0hgNGRpXTlMuZGF0YU8RAtgAAAAAAtgAAgAABWRhdmlkAAAAAAAAAAAAAAAAAAAAAAAAAAAAAMlIwylIKwAFAAnD3w5wMjYxLWFkbGVyLnBkZgAAAAAAAAAAAAAAAAAAAAAAAAAAAAAAAAAAAAAAAAAAAAAAAAAAAAAAAAAAAAAAAAAACiN/yZWKxAAAAAAAAAAAAAEAAgAADQIAAAAAAAAAAAAAAAAAAAAGUGFwZXJzABAACAAAyUi1GQAAABEACAAAyZV8tAAAAAEADAAJw98ABLGaAAAPjQACADJkYXZpZDpEb2N1bWVudHM6RGlwbG9tYXJiZWl0OlBhcGVyczpwMjYxLWFkbGVyLnBkZgAOAB4ADgBwADIANgAxAC0AYQBkAGwAZQByAC4AcABkAGYADwAMAAUAZABhAHYAaQBkABIALS9Eb2N1bWVudHMvRGlwbG9tYXJiZWl0L1BhcGVycy9wMjYxLWFkbGVyLnBkZgAAEwAML1VzZXJzL2RhdmlkABQBWAAAAAABWAACAAEGS2Vub2JpAAAAAAAAAAAAAAAAAAAAAAAAAAAAyMNF10grAAAAP3iDEmRhdmlkLnNwYXJzZWJ1bmRsZQAAAAAAAAAAAAAAAAAAAAAAAAAAAAAAAAAAAAAAAAAAAAAAAAAAAAAAAAAAAAA/V/nJSMMpAAAAAAAAAAD/////AAAJIAAAAAAAAAAAAAAAAAAAAAYuZGF2aWQAEAAIAADIwym3AAAAEQAIAADJSLUZAAAAAQAIAD94gwAAlkIAAgAmS2Vub2JpOlVzZXJzOi5kYXZpZDpkYXZpZC5zcGFyc2VidW5kbGUADgAmABIAZABhAHYAaQBkAC4AcwBwAGEAcgBzAGUAYgB1AG4AZABsAGUADwAOAAYASwBlAG4AbwBiAGkAEgAfVXNlcnMvLmRhdmlkL2RhdmlkLnNwYXJzZWJ1bmRsZQAAEwABLwD//wAAABUAAgAM//8AAIAF0hwdHh9YJGNsYXNzZXNaJGNsYXNzbmFtZaMfICFdTlNNdXRhYmxlRGF0YVZOU0RhdGFYTlNPYmplY3RfEBguLi9QYXBlcnMvcDI2MS1hZGxlci5wZGbSHB0kJaIlIVxOU0RpY3Rpb25hcnkSAAGGoF8QD05TS2V5ZWRBcmNoaXZlcgAIABEAFgAfACgAMgA1ADoAPABFAEsAUgBdAGUAbABvAHEAcwB2AHgAegB8AIYAkwCYAKADfAN+A4MDjAOXA5sDqQOwA7kD1APZA9wD6QPuAAAAAAAAAgEAAAAAAAAAKAAAAAAAAAAAAAAAAAAABAA=}}

@conference{adler2008assigning,
	Author = {Adler, B.T. and Chatterjee, K. and De Alfaro, L. and Faella, M. and Pye, I. and Raman, V.},
	Booktitle = {Proceedings of the 4th International Symposium on Wikis},
	Date-Added = {2011-03-03 17:55:13 +0100},
	Date-Modified = {2011-03-03 17:55:13 +0100},
	Organization = {ACM},
	Pages = {1--12},
	Title = {Assigning trust to wikipedia content},
	Year = {2008},
	Bdsk-File-1 = {YnBsaXN0MDDUAQIDBAUIJidUJHRvcFgkb2JqZWN0c1gkdmVyc2lvblkkYXJjaGl2ZXLRBgdUcm9vdIABqAkKFRYXGyIjVSRudWxs0wsMDQ4RFFpOUy5vYmplY3RzV05TLmtleXNWJGNsYXNzog8QgASABqISE4ACgAOAB1lhbGlhc0RhdGFccmVsYXRpdmVQYXRo0hgNGRpXTlMuZGF0YU8RAtQAAAAAAtQAAgAABWRhdmlkAAAAAAAAAAAAAAAAAAAAAAAAAAAAAMlIwylIKwAFAAnD3w1hMjYtYWRsZXIucGRmAAAAAAAAAAAAAAAAAAAAAAAAAAAAAAAAAAAAAAAAAAAAAAAAAAAAAAAAAAAAAAAAAAAACiLeyZWGWAAAAAAAAAAAAAEAAgAADQIAAAAAAAAAAAAAAAAAAAAGUGFwZXJzABAACAAAyUi1GQAAABEACAAAyZV4SAAAAAEADAAJw98ABLGaAAAPjQACADFkYXZpZDpEb2N1bWVudHM6RGlwbG9tYXJiZWl0OlBhcGVyczphMjYtYWRsZXIucGRmAAAOABwADQBhADIANgAtAGEAZABsAGUAcgAuAHAAZABmAA8ADAAFAGQAYQB2AGkAZAASACwvRG9jdW1lbnRzL0RpcGxvbWFyYmVpdC9QYXBlcnMvYTI2LWFkbGVyLnBkZgATAAwvVXNlcnMvZGF2aWQAFAFYAAAAAAFYAAIAAQZLZW5vYmkAAAAAAAAAAAAAAAAAAAAAAAAAAADIw0XXSCsAAAA/eIMSZGF2aWQuc3BhcnNlYnVuZGxlAAAAAAAAAAAAAAAAAAAAAAAAAAAAAAAAAAAAAAAAAAAAAAAAAAAAAAAAAAAAAD9X+clIwykAAAAAAAAAAP////8AAAkgAAAAAAAAAAAAAAAAAAAABi5kYXZpZAAQAAgAAMjDKbcAAAARAAgAAMlItRkAAAABAAgAP3iDAACWQgACACZLZW5vYmk6VXNlcnM6LmRhdmlkOmRhdmlkLnNwYXJzZWJ1bmRsZQAOACYAEgBkAGEAdgBpAGQALgBzAHAAYQByAHMAZQBiAHUAbgBkAGwAZQAPAA4ABgBLAGUAbgBvAGIAaQASAB9Vc2Vycy8uZGF2aWQvZGF2aWQuc3BhcnNlYnVuZGxlAAATAAEvAP//AAAAFQACAAz//wAAgAXSHB0eH1gkY2xhc3Nlc1okY2xhc3NuYW1lox8gIV1OU011dGFibGVEYXRhVk5TRGF0YVhOU09iamVjdF8QFy4uL1BhcGVycy9hMjYtYWRsZXIucGRm0hwdJCWiJSFcTlNEaWN0aW9uYXJ5EgABhqBfEA9OU0tleWVkQXJjaGl2ZXIACAARABYAHwAoADIANQA6ADwARQBLAFIAXQBlAGwAbwBxAHMAdgB4AHoAfACGAJMAmACgA3gDegN/A4gDkwOXA6UDrAO1A88D1APXA+QD6QAAAAAAAAIBAAAAAAAAACgAAAAAAAAAAAAAAAAAAAP7}}

@conference{kramer2008wiki,
	Author = {Kramer, M. and Gregorowicz, A. and Iyer, B.},
	Booktitle = {Proceedings of the 4th International Symposium on Wikis},
	Date-Added = {2011-03-03 17:38:48 +0100},
	Date-Modified = {2011-03-03 17:38:48 +0100},
	Organization = {ACM},
	Pages = {1--10},
	Title = {Wiki trust metrics based on phrasal analysis},
	Year = {2008},
	Bdsk-File-1 = {YnBsaXN0MDDUAQIDBAUIJidUJHRvcFgkb2JqZWN0c1gkdmVyc2lvblkkYXJjaGl2ZXLRBgdUcm9vdIABqAkKFRYXGyIjVSRudWxs0wsMDQ4RFFpOUy5vYmplY3RzV05TLmtleXNWJGNsYXNzog8QgASABqISE4ACgAOAB1lhbGlhc0RhdGFccmVsYXRpdmVQYXRo0hgNGRpXTlMuZGF0YU8RAtgAAAAAAtgAAgAABWRhdmlkAAAAAAAAAAAAAAAAAAAAAAAAAAAAAMlIwylIKwAFAAnD3w5hMjQta3JhbWVyLnBkZgAAAAAAAAAAAAAAAAAAAAAAAAAAAAAAAAAAAAAAAAAAAAAAAAAAAAAAAAAAAAAAAAAACiH3yZWCKwAAAAAAAAAAAAEAAgAADQIAAAAAAAAAAAAAAAAAAAAGUGFwZXJzABAACAAAyUi1GQAAABEACAAAyZV0GwAAAAEADAAJw98ABLGaAAAPjQACADJkYXZpZDpEb2N1bWVudHM6RGlwbG9tYXJiZWl0OlBhcGVyczphMjQta3JhbWVyLnBkZgAOAB4ADgBhADIANAAtAGsAcgBhAG0AZQByAC4AcABkAGYADwAMAAUAZABhAHYAaQBkABIALS9Eb2N1bWVudHMvRGlwbG9tYXJiZWl0L1BhcGVycy9hMjQta3JhbWVyLnBkZgAAEwAML1VzZXJzL2RhdmlkABQBWAAAAAABWAACAAEGS2Vub2JpAAAAAAAAAAAAAAAAAAAAAAAAAAAAyMNF10grAAAAP3iDEmRhdmlkLnNwYXJzZWJ1bmRsZQAAAAAAAAAAAAAAAAAAAAAAAAAAAAAAAAAAAAAAAAAAAAAAAAAAAAAAAAAAAAA/V/nJSMMpAAAAAAAAAAD/////AAAJIAAAAAAAAAAAAAAAAAAAAAYuZGF2aWQAEAAIAADIwym3AAAAEQAIAADJSLUZAAAAAQAIAD94gwAAlkIAAgAmS2Vub2JpOlVzZXJzOi5kYXZpZDpkYXZpZC5zcGFyc2VidW5kbGUADgAmABIAZABhAHYAaQBkAC4AcwBwAGEAcgBzAGUAYgB1AG4AZABsAGUADwAOAAYASwBlAG4AbwBiAGkAEgAfVXNlcnMvLmRhdmlkL2RhdmlkLnNwYXJzZWJ1bmRsZQAAEwABLwD//wAAABUAAgAM//8AAIAF0hwdHh9YJGNsYXNzZXNaJGNsYXNzbmFtZaMfICFdTlNNdXRhYmxlRGF0YVZOU0RhdGFYTlNPYmplY3RfEBguLi9QYXBlcnMvYTI0LWtyYW1lci5wZGbSHB0kJaIlIVxOU0RpY3Rpb25hcnkSAAGGoF8QD05TS2V5ZWRBcmNoaXZlcgAIABEAFgAfACgAMgA1ADoAPABFAEsAUgBdAGUAbABvAHEAcwB2AHgAegB8AIYAkwCYAKADfAN+A4MDjAOXA5sDqQOwA7kD1APZA9wD6QPuAAAAAAAAAgEAAAAAAAAAKAAAAAAAAAAAAAAAAAAABAA=}}

@electronic{wikiwhyaccount,
	Author = {Wikipedia},
	Date-Added = {2011-03-03 13:49:05 +0100},
	Date-Modified = {2011-03-03 13:49:36 +0100},
	Title = {Why create an account?},
	Url = {http://en.wikipedia.org/wiki/Wikipedia:Why_create_an_account%3F},
	Bdsk-Url-1 = {http://en.wikipedia.org/wiki/Wikipedia:Why_create_an_account%3F}}

@electronic{wikipv,
	Author = {Wikipedia},
	Date-Added = {2011-03-02 14:52:40 +0100},
	Date-Modified = {2011-03-02 14:53:05 +0100},
	Title = {Wikipedia Page Views},
	Url = {http://stats.wikimedia.org/EN/TablesPageViewsMonthly.htm},
	Bdsk-Url-1 = {http://stats.wikimedia.org/EN/TablesPageViewsMonthly.htm}}

@article{lieberman2009you,
	Author = {Lieberman, M.D. and Lin, J.},
	Date-Added = {2011-03-02 14:24:44 +0100},
	Date-Modified = {2011-03-02 14:24:44 +0100},
	Journal = {ICWSM'09},
	Pages = {106--113},
	Title = {You are where you edit: Locating Wikipedia users through edit histories},
	Year = {2009},
	Bdsk-File-1 = {YnBsaXN0MDDUAQIDBAUIJidUJHRvcFgkb2JqZWN0c1gkdmVyc2lvblkkYXJjaGl2ZXLRBgdUcm9vdIABqAkKFRYXGyIjVSRudWxs0wsMDQ4RFFpOUy5vYmplY3RzV05TLmtleXNWJGNsYXNzog8QgASABqISE4ACgAOAB1lhbGlhc0RhdGFccmVsYXRpdmVQYXRo0hgNGRpXTlMuZGF0YU8RAtQAAAAAAtQAAgAABWRhdmlkAAAAAAAAAAAAAAAAAAAAAAAAAAAAAMlIwylIKwAFAAnD3w1MaWViZXJtYW4ucGRmAAAAAAAAAAAAAAAAAAAAAAAAAAAAAAAAAAAAAAAAAAAAAAAAAAAAAAAAAAAAAAAAAAAACgZQyZQDgwAAAAAAAAAAAAEAAgAADQIAAAAAAAAAAAAAAAAAAAAGUGFwZXJzABAACAAAyUi1GQAAABEACAAAyZP1cwAAAAEADAAJw98ABLGaAAAPjQACADFkYXZpZDpEb2N1bWVudHM6RGlwbG9tYXJiZWl0OlBhcGVyczpMaWViZXJtYW4ucGRmAAAOABwADQBMAGkAZQBiAGUAcgBtAGEAbgAuAHAAZABmAA8ADAAFAGQAYQB2AGkAZAASACwvRG9jdW1lbnRzL0RpcGxvbWFyYmVpdC9QYXBlcnMvTGllYmVybWFuLnBkZgATAAwvVXNlcnMvZGF2aWQAFAFYAAAAAAFYAAIAAQZLZW5vYmkAAAAAAAAAAAAAAAAAAAAAAAAAAADIw0XXSCsAAAA/eIMSZGF2aWQuc3BhcnNlYnVuZGxlAAAAAAAAAAAAAAAAAAAAAAAAAAAAAAAAAAAAAAAAAAAAAAAAAAAAAAAAAAAAAD9X+clIwykAAAAAAAAAAP////8AAAkgAAAAAAAAAAAAAAAAAAAABi5kYXZpZAAQAAgAAMjDKbcAAAARAAgAAMlItRkAAAABAAgAP3iDAACWQgACACZLZW5vYmk6VXNlcnM6LmRhdmlkOmRhdmlkLnNwYXJzZWJ1bmRsZQAOACYAEgBkAGEAdgBpAGQALgBzAHAAYQByAHMAZQBiAHUAbgBkAGwAZQAPAA4ABgBLAGUAbgBvAGIAaQASAB9Vc2Vycy8uZGF2aWQvZGF2aWQuc3BhcnNlYnVuZGxlAAATAAEvAP//AAAAFQACAAz//wAAgAXSHB0eH1gkY2xhc3Nlc1okY2xhc3NuYW1lox8gIV1OU011dGFibGVEYXRhVk5TRGF0YVhOU09iamVjdF8QFy4uL1BhcGVycy9MaWViZXJtYW4ucGRm0hwdJCWiJSFcTlNEaWN0aW9uYXJ5EgABhqBfEA9OU0tleWVkQXJjaGl2ZXIACAARABYAHwAoADIANQA6ADwARQBLAFIAXQBlAGwAbwBxAHMAdgB4AHoAfACGAJMAmACgA3gDegN/A4gDkwOXA6UDrAO1A88D1APXA+QD6QAAAAAAAAIBAAAAAAAAACgAAAAAAAAAAAAAAAAAAAP7}}

@article{giles2005internet,
	Author = {Giles, J.},
	Date-Added = {2011-03-02 14:14:48 +0100},
	Date-Modified = {2011-03-02 14:14:48 +0100},
	Issn = {0028-0836},
	Journal = {Nature},
	Number = {7070},
	Pages = {900--901},
	Publisher = {Nature Publishing Group},
	Title = {Internet encyclopaedias go head to head},
	Volume = {438},
	Year = {2005}}

@electronic{wikiegypt,
	Author = {Wikipedia},
	Date-Added = {2011-03-02 12:00:32 +0100},
	Date-Modified = {2011-03-02 12:02:37 +0100},
	Title = {Revision history of 2011 Egyptian revolution},
	Url = {http://en.wikipedia.org/w/index.php?title=2011_Egyptian_revolution&dir=prev&action=history},
	Bdsk-Url-1 = {http://en.wikipedia.org/w/index.php?title=2011_Egyptian_revolution&dir=prev&action=history}}

@electronic{szegypt,
	Author = {sueddeutsche.de},
	Date-Added = {2011-03-01 00:06:33 +0100},
	Date-Modified = {2011-03-02 16:09:08 +0100},
	Title = {Krise in {\"A}gypten - Die Kinder des 6. April und der Tag der Entscheidung - Politik},
	Url = {http://www.sueddeutsche.de/politik/krise-in-aegypten-die-kinder-des-april-rufen-zum-protest-1.1053426},
	Bdsk-Url-1 = {http://www.sueddeutsche.de/politik/krise-in-aegypten-die-kinder-des-april-rufen-zum-protest-1.1053426}}

@electronic{econ18013760,
	Author = {The Economist},
	Date-Added = {2011-02-28 23:57:16 +0100},
	Date-Modified = {2011-03-02 16:09:25 +0100},
	Title = {Protest in Egypt: Another Arab regime under threat},
	Url = {http://www.economist.com/node/18013760},
	Urldate = {2011-02-28 23:57:16},
	Bdsk-Url-1 = {http://www.economist.com/node/18013760}}

@electronic{wikistats,
	Author = {Wikipedia},
	Date-Added = {2011-02-28 16:36:32 +0100},
	Date-Modified = {2011-03-03 11:59:56 +0100},
	Title = {Statistics},
	Url = {http://stats.wikimedia.org/EN/Sitemap.htm},
	Bdsk-Url-1 = {http://stats.wikimedia.org/EN/Sitemap.htm}}

@conference{suh2007us,
	Author = {Suh, B. and Chi, EH and Pendleton, B.A. and Kittur, A.},
	Booktitle = {Visual Analytics Science and Technology, 2007. VAST 2007. IEEE Symposium on},
	Date-Added = {2011-02-28 16:15:43 +0100},
	Date-Modified = {2011-02-28 16:21:52 +0100},
	Keywords = {wikipedia, edit wars},
	Organization = {IEEE},
	Pages = {163--170},
	Title = {Us vs. them: Understanding social dynamics in Wikipedia with revert graph visualizations},
	Year = {2007},
	Bdsk-File-1 = {YnBsaXN0MDDUAQIDBAUIJidUJHRvcFgkb2JqZWN0c1gkdmVyc2lvblkkYXJjaGl2ZXLRBgdUcm9vdIABqAkKFRYXGyIjVSRudWxs0wsMDQ4RFFpOUy5vYmplY3RzV05TLmtleXNWJGNsYXNzog8QgASABqISE4ACgAOAB1lhbGlhc0RhdGFccmVsYXRpdmVQYXRo0hgNGRpXTlMuZGF0YU8RA0oAAAAAA0oAAgAABWRhdmlkAAAAAAAAAAAAAAAAAAAAAAAAAAAAAMlIwylIKwAFAAnD3x91bmRlcnN0YW5kaW5nX3NvY2lhbF8jNkZEN0QucGRmAAAAAAAAAAAAAAAAAAAAAAAAAAAAAAAAAAAAAAAAAAAABv19yWxxOgAAAAAAAAAAAAEAAgAADQIAAAAAAAAAAAAAAAAAAAAGUGFwZXJzABAACAAAyUi1GQAAABEACAAAyWxjKgAAAAEADAAJw98ABLGaAAAPjQACAENkYXZpZDpEb2N1bWVudHM6RGlwbG9tYXJiZWl0OlBhcGVyczp1bmRlcnN0YW5kaW5nX3NvY2lhbF8jNkZEN0QucGRmAAAOAF4ALgB1AG4AZABlAHIAcwB0AGEAbgBkAGkAbgBnAF8AcwBvAGMAaQBhAGwAXwBkAHkAbgBhAG0AaQBjAHMAXwBpAG4AXwBXAGkAawBpAHAAZQBkAGkAYQAuAHAAZABmAA8ADAAFAGQAYQB2AGkAZAASAE0vRG9jdW1lbnRzL0RpcGxvbWFyYmVpdC9QYXBlcnMvdW5kZXJzdGFuZGluZ19zb2NpYWxfZHluYW1pY3NfaW5fV2lraXBlZGlhLnBkZgAAEwAML1VzZXJzL2RhdmlkABQBWAAAAAABWAACAAEGS2Vub2JpAAAAAAAAAAAAAAAAAAAAAAAAAAAAyMNF10grAAAAP3iDEmRhdmlkLnNwYXJzZWJ1bmRsZQAAAAAAAAAAAAAAAAAAAAAAAAAAAAAAAAAAAAAAAAAAAAAAAAAAAAAAAAAAAAA/V/nJSMMpAAAAAAAAAAD/////AAAJIAAAAAAAAAAAAAAAAAAAAAYuZGF2aWQAEAAIAADIwym3AAAAEQAIAADJSLUZAAAAAQAIAD94gwAAlkIAAgAmS2Vub2JpOlVzZXJzOi5kYXZpZDpkYXZpZC5zcGFyc2VidW5kbGUADgAmABIAZABhAHYAaQBkAC4AcwBwAGEAcgBzAGUAYgB1AG4AZABsAGUADwAOAAYASwBlAG4AbwBiAGkAEgAfVXNlcnMvLmRhdmlkL2RhdmlkLnNwYXJzZWJ1bmRsZQAAEwABLwD//wAAABUAAgAM//8AAIAF0hwdHh9YJGNsYXNzZXNaJGNsYXNzbmFtZaMfICFdTlNNdXRhYmxlRGF0YVZOU0RhdGFYTlNPYmplY3RfEDguLi9QYXBlcnMvdW5kZXJzdGFuZGluZ19zb2NpYWxfZHluYW1pY3NfaW5fV2lraXBlZGlhLnBkZtIcHSQloiUhXE5TRGljdGlvbmFyeRIAAYagXxAPTlNLZXllZEFyY2hpdmVyAAgAEQAWAB8AKAAyADUAOgA8AEUASwBSAF0AZQBsAG8AcQBzAHYAeAB6AHwAhgCTAJgAoAPuA/AD9QP+BAkEDQQbBCIEKwRmBGsEbgR7BIAAAAAAAAACAQAAAAAAAAAoAAAAAAAAAAAAAAAAAAAEkg==}}

@comment{BibDesk Static Groups{
<?xml version="1.0" encoding="UTF-8"?>
<!DOCTYPE plist PUBLIC "-//Apple//DTD PLIST 1.0//EN" "http://www.apple.com/DTDs/PropertyList-1.0.dtd">
<plist version="1.0">
<array>
	<dict>
		<key>group name</key>
		<string>Wikipedia</string>
		<key>keys</key>
		<string>szegypt,suh2007us,econ18013760,wikistats,wikiegypt</string>
	</dict>
</array>
</plist>
}}
